@conference{defcon20,
	title={Cryptohaze cloud cracking},
	booktitle={Defcon 20},
	author={Bitweasil},
	year={2012}
}

@conference{defcon17,
	title={Clobbering the cloud !},
	booktitle={Defcon 17},
	author={Haroon Merr and Marco Slaviero and Nicholas Arvanitis},
	year={2009}
}

@Misc{nhrp,
	title={Next Hop Resolution Protocol},
	author={Wikipedia},
	howpublished={\url{https://en.wikipedia.org/wiki/Next_Hop_Resolution_Protocol}},
	note={Dernière modification du site le 7 Juin 2018, consulté le 12 Mars 2019}
}

@Misc{gre,
	title={Generic Routing Encapsulation},
	author={Wikipedia},
	howpublished={\url{https://en.wikipedia.org/wiki/Generic_Routing_Encapsulation}},
	note={Dernière modification du site le 15 Mars 2019, consulté le 12 Mars 2019}
}

@Misc{xacml,
	title={eXtensible Access Control Markup Language (XACML)},
	author={Wikipedia},
	howpublished={\url{https://en.wikipedia.org/wiki/XACML}},
	note={Dernière modification du site le 14 Mars 2019, consulté le 27 Avril 2019}
}

@Misc{new_attack_cloud,
	title={Is Cross-tenant Cloud Attack a Legitimate Threat?},
	author={Kaustubh Pande},
	howpublished={\url{https://www.mindtree.com/blog/cross-tenant-cloud-attack-legitimate-threat}},
	note={Dernière modification du site le 16 Juillet 2018, consulté le 5 Mars 2019}
}

@Misc{pox,
	title={POX},
	author={Margaret Rousse},
	howpublished={\url{https://searchnetworking.techtarget.com/definition/POX}},
	note={Dernière modification du site en Mars 2013, consulté le 27 Avril 2019}
}

@article{security_cloud_issues,
	title={Cloud Security Issues},
	author={M. Balachandra Reddy Kandukuri and Ramakrishna Paturi V and Dr. Atanu Rakshit},
	journal={IEEE International Conference on Services Computing},
	publisher={IEEE},
	month={September},
	year={2009},
	pages={517- 520}	
}

@manual{ip_security,
	title={IP Security Document Roadmap},
	author={R. Thayer and N. Doraswamy and R. Glenn},
	month={November},
	year={1998},
	subtitle={RFC 2411}
}

@manual{ipsec_vpn,
	title={Guide to IPsec VPNs},
	author={Sheila Frankel and Karen Kent and Ryan Lewkowski and Angela Orebaugh and Ronald Ritchey and Steven Sharma},
	month={December},
	year={2005},
	subtitle={NIST Special Publication 800-77}
}

@Misc{prise_empreinte_def,
	title={TCP IP stack fingerprinting},
	author={Wikipedia},
	howpublished={\url{https://en.wikipedia.org/wiki/TCP/IP_stack_fingerprinting}},
	note={Dernière modification du site le 18 Février 2019, consulté le 07 Avril 2019}
}

@conference{faiblesse_cloud,
	title={Cloud computing : A weapon of mass destruction ?},
	booktitle={DEFCON 18},
	author={David Bryan and Michael Anderson},
	year={2010}
}

@article{internet_cloud,
	title={Secure cloud computing for critical infrastructure: a survey},
	author={Y.A. Younis and M. Merabti and K. Kifayat},
	year={2013},
	note={Technical Report, Liverpool John Moores University, United Kingdom, Tech. Rep. ISBN: 978-1-902560-27-4}
}

@article{use_ip_cloud,
	title={A survey on security issues in service delivery models of cloud computing},
	author={S. Subashini and V. Kavitha},
	journal={J. Netw. Comput. Appl.},
	publisher={Elsevier},
	volume={34},
	issue={1},
	year={2011},
	pages={1-11}	
}

@article{asb,
	title={Fuzzy identity-based encryption},
	author={A. Sahai and B. Waters},
	booktitle={Advances in Cryptology},
	month={September},
	year={2005},
	pages={457–473},
	organization={EUROCRYPT}
}

@article{asbe,
	title={Attribute-sets: a practically motivated enhancement to attribute-based encryption},
	author={R. Bobba and H. Khurana and M. Prabhakaran},
	booktitle={Computer Security ESORICS},
	year={2009},
	pages={587–604},
	publisher={SpringerLink}
}

@article{sdnips,
	title={SDNIPS:
	Enabling Software-Defined Networking based intrusion prevention system in clouds},
	author={T. Xing and Z. Xiong and D. Huang and D. Medhi},
	journal={International Conference on Network and Service Management (CNSM) and Workshop},
	year={2014},
	month={November},
	pages={308–311}	
}

@article{archi_inter,
	title={Architecture for inter-cloud services using IPSec VPN},	author={Dayananda S. M. and Kumar A.},
	journal={Proceedings of Advanced Computing and Communication Technologies (ACCT)},
	publisher={IEEE},
	year={2012},
	pages={463-467}	
}
@manual{pgp,
	title={OpenPGP message format},
	author={J. Callas and L. Donnerhacke and H. Finney and	D. Shaw and	R. Thayer},
	month={November},
	year={2007},
	subtitle={RFC 4880}
}

@manual{tls,
	title={The Transport Layer Security (TLS) Protocol},
	author={T. Dierks and E. Rescorla},
	month={August},
	year={2008},
	subtitle={RFC 5246}
}

@manual{ssl,
	title={The Secure Sockets Layer (SSL) Protocol Version 3.0},
	author={A.O. Freier and P. Karlton and P.C. Kocher},
	month={August},
	year={2011},
	subtitle={RFC 6101}
}

@article{hasbe,
	title={HASBE: a hierarchical attribute-based solution for flexible and scalable access control in cloud computing},
	author={Z. Wan and J. Liu and R.H. Deng},
	journal={Transactions on Information Forensics and Security},
	publisher={IEEE},
	volume={7},
	issue={2},
	year={2012},
	pages={743-754}	
}

@article{snortflow,
	title={Snortflow: a openflow-based intrusion prevention system in cloud environment},
	author={T. Xing and D. Huang and L. Xu and C. Chung and P. Khatkar},
	booktitle={IEEE Research and Educational Experiment Workshop},
	year={2013},
	pages={pp. 89–92}
}

@article{tree_rule_firewall,
	title={Improving cloud network security using the tree-rule firewall},
	author={X. He and T. Chomsiri and P. Nanda and Z. Tan},
	journal={Future Generation Computer Systems},
	publisher={Elsevier},
	volume={30},
	year={2014},
	pages={116-126}	
}

@article{firewall,
	title={Network firewalls},
	author={S.M. Bellovin and W.R. Cheswick},
	journal={Communications Magazine},
	publisher={IEEE},
	volume={32},
	issue={9},
	month={September},
	year={1994},
	pages={50-57}	
}

@article{security_cloud_survey,
	title={Security in cloud computing: Opportunities and challenges},
	author={Mazhar Ali and Samee U. Khan and Athanasios V. Vasilakos},
	journal={Information Sciences},
	volume={305},
	pages={357-383},
	day={1},
	month={June},
	year={2015},
	publisher={Elsevier}
}

@article{definition_cloud,
  title={The NIST Definition of Cloud Computing},
  author={Peter Mell and Timothy Grance},
  booktitle={NIST Special Publication 800-145},
  month={September},
  year={2011},
  organization={NIST}
}


@article{security_guidelines,
  title={Security guidelines for critical areas of focus in cloud computing v4.0},
  author={Rich Mogull and James Arlen and Francoise Gilbert and Adrian Lane and David Mortman and Gunnar Peterson and Mike Rothman},
  year={2017},
  publisher={Cloud Security Alliance}
}


@article{fade,
	title={Secure overlay cloud storage with access control and assured deletion},
	author={Y. Tang and P.P. Lee and J.C.S. Lui and R. Perlman},
	year={2012},
	journal={Transactions on Dependable and Secure Computing},
	volume={9},
	pages={903-916},
	publisher={IEEE}
}


@article{secCloud,
	title={Security and privacy for storage and computation in cloud computing},
	author={L. Wei and H. Zhu and Z. Cao and X. Dong and W. Jia and Y. Chen and A.V. Vasilakos},
	year={2014},
	journal={Informations Sciences},
	volume={258},
	pages={371-386},
	publisher={Elsevier}
}

@Misc{web_security,
	title={The ten most critical Web application security risks},
	author={Open Web Application Security Project Top 10-2013},
	year={Mis en ligne en 2013, consulté le 03 Mars 2019},
	howpublished={\url{https://www.owasp.org/index.php/Top10/OWASP>}},
	publisher={OWASP}
}
